<?xml version="1.0" encoding="UTF-8"?><collection xmlns="http://www.loc.gov/MARC21/slim"><record><leader>00470nam--2200157-i-4500</leader><controlfield tag="001">000036725</controlfield><controlfield tag="002">20161230</controlfield><controlfield tag="005">20161230201041</controlfield><controlfield tag="008">060222s1000------------r-----000-0-eng-d</controlfield><datafield ind1=" " ind2=" " tag="080"><subfield code="a">517.5(043)</subfield></datafield><datafield ind1=" " ind2=" " tag="100"><subfield code="a">Pleszczynskam E</subfield></datafield><datafield ind1=" " ind2=" " tag="245"><subfield code="a">Trend estimation problems in time-series analysis</subfield></datafield><datafield ind1=" " ind2=" " tag="260"><subfield code="a">Warszawa, Panstwowe Wydawnictwo Naukowe, 1973, 69p</subfield></datafield><datafield ind1=" " ind2=" " tag="490"><subfield code="a">Disstert.Matematicae, Rozprawy Matematyczne</subfield><subfield code="v">vol. CIV</subfield></datafield><datafield ind1=" " ind2=" " tag="852"><subfield code="a">7385</subfield></datafield><datafield ind1=" " ind2=" " tag="CAT"><subfield code="a">Sys</subfield><subfield code="c">20080327</subfield><subfield code="h">084925</subfield></datafield></record></collection>